@article{j1,
	author = {John Koza},
	journal = " Journal I just made up",
	pages = {69 -- 1999},
	title = "{Crazy Title}",
	year = "2009",
},

@article{koza90,
	author = {John Koza},
	year = "1990",
}
	
